@book{Lam92,
  author = {Lamport, L.},
  title = {LaTeX system przygotowywania dokumentów},
  publisher = {Wydawnictwo Ariel},
  year = {1992},
  address = {Kraków},
  langid = {polish}
}

@book{Dil00,
  author = {Diller, A.},
  title = {LaTeX wiersz po wierszu},
  publisher = {Wydawnictwo Helion},
  year = {2000},
  address = {Gliwice},
  langid = {polish}
}


@manual{ARM06,
  title = {Ada Reference Manual {ISO}/{IEC} 8652:200y({E}) {E}d. 3},
  organization = {Ada Europe},
  year = {2006}
}

@article{BuDo03,
  author = {Burns, A. and Dobbing, B.},
  title = {The {R}avenscar {P}rofile for Real--Time and High Integrity Systems},
  journal = {Cross{T}alk},
  year = {2003},
  volume = {16},
  number = {11},
  pages = {9--12}
}



@inproceedings{PeDa04,
  author = {Peleska, J. and Große, D. and Haxthausen, A. E. and Drechsler, R.},
  title = {Automated Verification for Train Control Systems},
  booktitle = {Proc. of the 5th Symposium on Formal Methods for Automation and Safety in Railway and Automotive Systems (FORMS/FORMAT 2004)},
  year = {2004},
  pages = {252--265},
  address = {Braunschweig, Germany},
  month = {December}
}

@techreport{BuDoVa03,
  author = {Burns, A. and Dobbing, B. and Vardanega, T.},
  title = {Guide for the Use of the Ada Ravenscar Profile in High Integrity Systems},
  institution = {University of York},
  year = {2003},
  number = {YCS-2003-348}
}

@online{example2024,
  author = {},
  title = {Title of the Webpage},
  year = {2024},
  url = {https://www.example.com},
  note = {Accessed: 2024-09-16}
}


@online{mathworks,
  author = {},
  title = {MATLAB Image Processing Toolbox Documentation},
  year = {2024},
  url = {https://www.mathworks.com/products/image-processing.html},
  note = {Accessed: 2025-02-15}
}

@book{gonzalez2017,
  author = {Gonzalez, Rafael and Woods, Richard},
  title = {{Digital Image Processing Global Edition}},
  pages = {1024},
  publisher = {Pearson Deutschland},
  year = {2017},
  isbn = {9781292223049},
  doi = {},
  url = {https://elibrary.pearson.de/book/99.150005/9781292223070}
}

@online{java_doc,
  author = {{Oracle Corporation}},
  title  = {Java Platform, Standard Edition & Java Development Kit Documentation},
  year   = {2025},
  url    = {https://docs.oracle.com/en/java/javase/},
  note   = {Dostęp z dnia: 15.06.2025}
}

@online{swing_doc,
  author = {{Oracle Corporation}},
  title  = {Creating a GUI With Swing (The Java{\texttrademark} Tutorials)},
  year   = {2025},
  url    = {https://docs.oracle.com/javase/tutorial/uiswing/},
  note   = {Dostęp z dnia: 15.06.2025}
}

@online{mysql_doc,
  author = {{Oracle Corporation}},
  title  = {MySQL 8.4 Reference Manual},
  year   = {2025},
  url    = {https://dev.mysql.com/doc/refman/8.4/en/},
  note   = {Dostęp z dnia: 15.06.2025}
}

@online{jdbc_doc,
  author = {{Oracle Corporation}},
  title  = {JDBC{\texttrademark} API Documentation},
  year   = {2025},
  url    = {https://docs.oracle.com/en/java/javase/21/docs/api/java.sql/module-summary.html},
  note   = {Dostęp z dnia: 15.06.2025}
}

@online{latex_project,
  author = {{The LaTeX Project}},
  title  = {LaTeX -- A document preparation system},
  year   = {2025},
  url    = {https://www.latex-project.org/},
  note   = {Dostęp z dnia: 15.06.2025}
}

@online{listings_pkg,
  author = {Heinz, Carsten and Moses, Brooks},
  title  = {The Listings Package},
  year   = {2022},
  url    = {https://ctan.org/pkg/listings},
  note   = {Dokumentacja pakietu \LaTeX. Dostęp z dnia: 15.06.2025}
}

@online{hyperref_pkg,
    author = {Oberdiek, Heiko and Rahtz, Sebastian},
    title = {The hyperref Package},
    year = {2022},
    url = {https://ctan.org/pkg/hyperref},
    note = {Dokumentacja pakietu \LaTeX. Dostęp z dnia: 15.06.2025}
}